@BOOK{book,
  title     = "Electronic devices and circuit theory",
  author    = "Boylestad, Robert L and Nashelsky, Louis",
  publisher = "Pearson",
  edition   =  11,
  month     =  apr,
  year      =  2012,
  address   = "Upper Saddle River, NJ",
  language  = "en"
}

