@misc{tutorialspoint_fm_modulators,
	author = {Tutorialspoint},
	title = {Analog Communication - FM Modulators},
	howpublished = {\url{https://www.tutorialspoint.com/analog_communication/analog_communication_fm_modulators.htm}}
}

@misc{wikipedia_pll,
	author = {Wikipedia},
	title = {Phase-locked loop},
	howpublished = {\url{https://en.wikipedia.org/wiki/Phase-locked_loop}}
}