@misc{tutorialspoint,
  author = {TutorialsPoint},
  title = {Analog Communication - FM Modulators},
  howpublished = {\url{https://www.tutorialspoint.com/analog_communication/analog_communication_fm_modulators.htm}}
}

@misc{eecite,
  author = {EE-Diary},
  title = {Zero-Crossing FM Detector},
  howpublished = {\url{https://www.ee-diary.com/2023/04/zero-crossing-fm-detector.html}}
}
@misc{pllwiki,
  author = "Wikipedia",
  title = "Phase-Locked Loop",
  howpublished = {\url{https://en.wikipedia.org/wiki/Phase-Locked_Loop}}
}